<?xml version="1.0" encoding="UTF-8"?><!-- Sample XML file generated by FFFS (www.fkl.fi) B2C project for FInnish Credit Advice , 2009-11-02, for different Entry instance for --><!-- PMJ-delivered , non-SCT credit advices (old KTL) and --><!-- SCT credit advices --><!-- Both notification entries have corresponding Credit entries on the camt.053 message as lump sums for matching purpose.  In case bank combines the SCT and non-SCT lump sum bookings, --><!-- there is only one corresponding entry on the statement  otherwise two using transaction codes:--><!-- PMNT/RDDT/ESDD or BBDD and for PMJ  PMNT/RDDT/PMDD --><Document xmlns="urn:iso:std:iso:20022:tech:xsd:camt.054.001.02" xmlns:xsi="http://www.w3.org/2001/XMLSchema-instance" xsi:schemaLocation="urn:iso:std:iso:20022:tech:xsd:camt.054.001.02camt.054.001.02.xsd">	<BkToCstmrDbtCdtNtfctn>		<GrpHdr>			<MsgId>BANKFILEID219073</MsgId>			<CreDtTm>2009-10-30T21:01:45+02:00</CreDtTm>			<!-- used only in case that message reciever is different than the bank account owner -->			<MsgRcpt>				<Id>					<OrgId>						<Othr>							<Id>123456789</Id>							<SchmeNm>								<!-- Recipient's bank Id.  In case of Finnish Y-tunnus use "CUST" -->								<Cd>BANK</Cd>							</SchmeNm>						</Othr>					</OrgId>				</Id>			</MsgRcpt>			<AddtlInf>Some additional message-specific info can be delivered from bank to customer here</AddtlInf>		</GrpHdr>		<!-- Notifications per reported bank account.  if more accounts are reported in the same message, each bank account has its own Notification instance -->		<Ntfctn>			<!-- optional tag to use for possible reconcilation of sent messages -->			<Id>BANKFILEID00001NTR00001</Id>			<!-- Electronic Sequence Number is optional per bank -->			<ElctrncSeqNb>96</ElctrncSeqNb>			<CreDtTm>2009-10-30T21:01:45+02:00</CreDtTm>			<Acct>				<Id>					<!-- always and only in IBAN format -->					<IBAN>FI7433010001222090</IBAN>				</Id>				<!-- optional account type-->				<Tp>					<Cd>CACC</Cd>				</Tp>				<!-- recommended to use account currency-->				<Ccy>EUR</Ccy>				<!-- account name is optional -->				<Nm>Account name</Nm>				<!-- all Owner info is optional -->				<Ownr>					<Nm>BANK ACCOUNT OWNER</Nm>					<Id>						<OrgId>							<Othr>								<!-- Finnish Organisation Id (Y-tunnus) -->								<Id>123456789</Id>								<SchmeNm>									<Cd>CUST</Cd>								</SchmeNm>							</Othr>						</OrgId>					</Id>				</Ownr>				<Svcr>					<FinInstnId>						<!-- Optional but recommended to identify the account servicing bank-->						<BIC>ESSEFIHX</BIC>					</FinInstnId>				</Svcr>			</Acct>			<!-- -->			<!-- Optional stucture for transaction summaries -->			<TxsSummry>				<TtlNtries>					<NbOfNtries>6</NbOfNtries>					<!-- Sum of Entry-amounts without signs (Gross value) for checking purposes in the report / account currency-->					<Sum>10830.05</Sum>					<!-- Sum of Entry-amounts with signs (net value) and BOOK-transaction (also INFO)-->					<TtlNetNtryAmt>169.95</TtlNetNtryAmt>					<CdtDbtInd>CRDT</CdtDbtInd>				</TtlNtries>				<!-- reporting transaction code based summaries if total usage of transaction summaries is considered useful-->				<!--				<TtlNtriesPerBkTxCd>					<NbOfNtries>1</NbOfNtries>					<Sum>2000</Sum>					<CdtDbtInd>CRDT</CdtDbtInd>					<BkTxCd>						<Domn>							<Cd>PMNT</Cd>							<Fmly>								<Cd>RCDT</Cd>								<SubFmlyCd>DMCT</SubFmlyCd>							</Fmly>						</Domn>					</BkTxCd>				</TtlNtriesPerBkTxCd>				<TtlNtriesPerBkTxCd>					<NbOfNtries>1</NbOfNtries>					<Sum>3000</Sum>					<CdtDbtInd>CRDT</CdtDbtInd>					<BkTxCd>						<Domn>							<Cd>PAYM</Cd>							<Fmly>								<Cd>RCDT</Cd>								<SubFmlyCd>ESCT</SubFmlyCd>							</Fmly>						</Domn>					</BkTxCd>				</TtlNtriesPerBkTxCd>				-->			</TxsSummry>			<!-- first Entry reporting the non-SCT, PMJ-generated incoming transactions -->			<!--Booking on account statement; per one account and one booking date-->			<Ntry>				<!--Always in EUR in Finland and total sum of transactions corresponding to the statement lump sum-->				<Amt Ccy="EUR">2000.00</Amt>				<!--Credited-->				<CdtDbtInd>CRDT</CdtDbtInd>				<!--Booked-->				<Sts>BOOK</Sts>				<BookgDt>					<!--Booking date for all sub transactions in this entry -->					<Dt>2009-10-29</Dt>				</BookgDt>				<ValDt>					<!--Value date for all sub transactions in this entry -->					<Dt>2009-10-29</Dt>				</ValDt>				<!-- Archiving code that matches account statement entry -->				<AcctSvcrRef>091029ACCTSTMTARCH04</AcctSvcrRef>				<!-- All the Transactions included into this entry has to have same Transaction code to avoid repating it on the lower level -->				<!-- This affects the bookings in camt.053 too and supports the idea to separate DD-based credits from the "normal" ones -->				<BkTxCd>					<Domn>						<Cd>PMNT</Cd>						<Fmly>							<Cd>RCDT</Cd>							<SubFmlyCd>DMCT</SubFmlyCd>						</Fmly>					</Domn>					<Prtry>						<!--Finnish transaction codes, normal invoicing reference transaction used only for PMJ-delivered transactions in parallel with the new transaction code strutcure-->						<!--using the recommended practice code: + Finnish code and text-->						<Cd>NTRF+705TransactionCodeText</Cd>					</Prtry>				</BkTxCd>				<NtryDtls>					<Btch>						<MsgId>BANKFILEID998765</MsgId>						<NbOfTxs>2</NbOfTxs>						<TtlAmt Ccy="EUR">2000.00</TtlAmt>						<CdtDbtInd>CRDT</CdtDbtInd>					</Btch>					<TxDtls>						<!-- Transaction 1-->						<Refs>							<!-- Archiving code for the transaction level-->							<AcctSvcrRef>D091029N987654321S001</AcctSvcrRef>						</Refs>						<AmtDtls>							<TxAmt>								<!-- net value of normal and credit note instances -->								<Amt Ccy="EUR">1900.00</Amt>							</TxAmt>						</AmtDtls>						<RltdPties>							<Dbtr>								<!-- although current reporting allows only 12 letters in camt.054 it is recommended to report whole PMJ-content if available-->								<Nm>PAYERS NAME1</Nm>							</Dbtr>						</RltdPties>						<RmtInf>							<Strd>								<RfrdDocAmt>									<!-- Normal credited amount -->									<RmtdAmt Ccy="EUR">2500.00</RmtdAmt>								</RfrdDocAmt>								<CdtrRefInf>									<Tp>										<CdOrPrtry>											<Cd>SCOR</Cd>										</CdOrPrtry>									</Tp>									<!-- KTL Transaction Reference in Finnish syntax-->									<Ref>3900</Ref>								</CdtrRefInf>							</Strd>							<Strd>								<RfrdDocAmt>									<!--Credit note payment from the same payer as the (negative effect on Entry level amout)t-->									<CdtNoteAmt Ccy="EUR">600.00</CdtNoteAmt>								</RfrdDocAmt>								<CdtrRefInf>									<Tp>										<CdOrPrtry>											<Cd>SCOR</Cd>										</CdOrPrtry>									</Tp>									<Ref>12344</Ref>								</CdtrRefInf>							</Strd>						</RmtInf>						<RltdDts>							<!--Transaction Payment date in the Finnish context (PMJ) -->							<AccptncDtTm>2009-10-28T09:00:00+02:00</AccptncDtTm>						</RltdDts>					</TxDtls>					<TxDtls>						<!-- Transaction 2-->						<Refs>							<AcctSvcrRef>D091029N987654321S002</AcctSvcrRef>						</Refs>						<AmtDtls>							<TxAmt>								<Amt Ccy="EUR">100.00</Amt>							</TxAmt>						</AmtDtls>						<RltdPties>							<Dbtr>								<Nm>PAYERS NAME2</Nm>							</Dbtr>						</RltdPties>						<RmtInf>							<Strd>								<RfrdDocAmt>									<RmtdAmt Ccy="EUR">100.00</RmtdAmt>								</RfrdDocAmt>								<CdtrRefInf>									<Tp>										<CdOrPrtry>											<Cd>SCOR</Cd>										</CdOrPrtry>									</Tp>									<Ref>43216</Ref>								</CdtrRefInf>							</Strd>						</RmtInf>						<RltdDts>							<AccptncDtTm>2009-10-29T09:00:00+02:00</AccptncDtTm>						</RltdDts>					</TxDtls>				</NtryDtls>			</Ntry>			<Ntry>				<!--Always in EUR in Finland and total sum of transactions corresponding to the statement lump sum-->				<!-- Entry 2: Domestic incoming direct debit based creditor reference batch -->				<Amt Ccy="EUR">500.00</Amt>				<!--Credited-->				<CdtDbtInd>CRDT</CdtDbtInd>				<!--Booked-->				<Sts>BOOK</Sts>				<BookgDt>					<!--Booking date for all sub transactions in this entry -->					<Dt>2009-10-29</Dt>				</BookgDt>				<ValDt>					<!--Value date for all sub transactions in this entry -->					<Dt>2009-10-29</Dt>				</ValDt>				<!-- Archiving code that matches account statement entry -->				<AcctSvcrRef>091029ACCTSTMTARCH21</AcctSvcrRef>				<!-- All the Transactions included into this entry has to have same Transaction code to avoid repating it on the lower level -->				<!-- This affects the bookings in camt.053 too and supports the idea to separate DD-based credits from the "normal" ones -->				<BkTxCd>					<Domn>						<Cd>PMNT</Cd>						<Fmly>							<Cd>RDDT</Cd>							<SubFmlyCd>PMDD</SubFmlyCd>						</Fmly>					</Domn>					<Prtry>						<!--Finnish transaction codes, normal invoicing reference transaction used only for PMJ-delivered transactions in parallel with the new transaction code strutcure-->						<!--using the recommended practice code: + Finnish code and text-->						<!--In DD-based transactions may be also 704-->						<Cd>NTRF+705TransactionCodeText</Cd>					</Prtry>				</BkTxCd>				<NtryDtls>					<Btch>						<MsgId>BANKFILEID998799</MsgId>						<NbOfTxs>2</NbOfTxs>						<TtlAmt Ccy="EUR">500.00</TtlAmt>						<CdtDbtInd>CRDT</CdtDbtInd>					</Btch>					<TxDtls>						<!-- Transaction 1-->						<Refs>							<!-- Archiving code for the transaction level-->							<AcctSvcrRef>D091029N987654321S211</AcctSvcrRef>						</Refs>						<AmtDtls>							<TxAmt>								<Amt Ccy="EUR">400.00</Amt>							</TxAmt>						</AmtDtls>						<RltdPties>							<Dbtr>								<!-- although current reporting allows only 12 letters in camt.054 it is recommended to report whole PMJ-content if available-->								<Nm>PAYERS NAME1</Nm>							</Dbtr>						</RltdPties>						<RmtInf>							<Strd>								<RfrdDocAmt>									<RmtdAmt Ccy="EUR">400.00</RmtdAmt>								</RfrdDocAmt>								<CdtrRefInf>									<Tp>										<CdOrPrtry>											<Cd>SCOR</Cd>										</CdOrPrtry>									</Tp>									<Ref>3900</Ref>								</CdtrRefInf>							</Strd>						</RmtInf>						<RltdDts>							<!--Transaction Payment date in the Finnish context (PMJ) -->							<AccptncDtTm>2009-10-28T09:00:00+02:00</AccptncDtTm>						</RltdDts>					</TxDtls>					<TxDtls>						<!-- Transaction 2-->						<Refs>							<AcctSvcrRef>D091029N987654321S212</AcctSvcrRef>						</Refs>						<AmtDtls>							<TxAmt>								<Amt Ccy="EUR">100.00</Amt>							</TxAmt>						</AmtDtls>						<RltdPties>							<Dbtr>								<Nm>PAYERS NAME2</Nm>							</Dbtr>						</RltdPties>						<RmtInf>							<Strd>								<RfrdDocAmt>									<RmtdAmt Ccy="EUR">100.00</RmtdAmt>								</RfrdDocAmt>								<CdtrRefInf>									<Tp>										<CdOrPrtry>											<Cd>SCOR</Cd>										</CdOrPrtry>									</Tp>									<Ref>43216</Ref>								</CdtrRefInf>							</Strd>						</RmtInf>						<RltdDts>							<AccptncDtTm>2009-10-29T09:00:00+02:00</AccptncDtTm>						</RltdDts>					</TxDtls>				</NtryDtls>			</Ntry>			<!--Entry 3: reporting the SCT-generated incoming transactions -->			<!--Booking on account statement; per one account and one booking date-->			<Ntry>				<!--Always in EUR in Finland and total sum of transactions corresponding to the statement lump sum-->				<Amt Ccy="EUR">3000.00</Amt>				<!--Credited-->				<CdtDbtInd>CRDT</CdtDbtInd>				<!--Booked-->				<Sts>BOOK</Sts>				<BookgDt>					<!--Booking date for all sub transactions in this entry -->					<Dt>2009-10-29</Dt>				</BookgDt>				<ValDt>					<!--Value date for all sub transactions in this entry -->					<Dt>2009-10-29</Dt>				</ValDt>				<!-- Archiving code that matches account statement entry -->				<AcctSvcrRef>091029ACCTSTMTARCH05</AcctSvcrRef>				<!-- All the Transactions included into this entry has to have same Transaction code to avoid repating it on the lower level -->				<!-- This affects the bookings in camt.053 too and supports the idea to separate DD-based credits from the "normal" ones / in case of SDD based the tx-code will be PMNT/RDDT/ESDD or PMNT/RDDT/BBDD-->				<BkTxCd>					<Domn>						<Cd>PMNT</Cd>						<Fmly>							<Cd>RCDT</Cd>							<SubFmlyCd>ESCT</SubFmlyCd>						</Fmly>					</Domn>					<!--No Prtry codes for SEPA-transactions (or other non-PMJ ones)-->				</BkTxCd>				<NtryDtls>					<Btch>						<MsgId>BANKFILEID998765</MsgId>						<NbOfTxs>2</NbOfTxs>						<TtlAmt Ccy="EUR">3000.00</TtlAmt>						<CdtDbtInd>CRDT</CdtDbtInd>					</Btch>					<TxDtls>						<!-- Transaction 1-->						<Refs>							<!-- Archiving code for the transaction level-->							<AcctSvcrRef>D091029N123456789S001</AcctSvcrRef>							<!-- End-to-end-ID / AT-41-->							<EndToEndId>EndToEndIdAT-41-001</EndToEndId>						</Refs>						<AmtDtls>							<!-- AT-04 in a difrent element than suggested by EPC -->							<TxAmt>								<Amt Ccy="EUR">2500.00</Amt>							</TxAmt>						</AmtDtls>						<RltdPties>							<Dbtr>								<Nm>AT-02 DEBTOR NAME 01</Nm>								<Id>									<OrgId>										<Othr>											<Id>AT-10ASDUNS</Id>											<SchmeNm>												<Cd>DUNS</Cd>											</SchmeNm>										</Othr>									</OrgId>								</Id>							</Dbtr>						</RltdPties>						<!-- AT 05 in a model where Finnsh AOS2 is used to report credit notes within SCT-->						<RmtInf>							<Strd>								<RfrdDocAmt>									<!-- Normal credited amount -->									<RmtdAmt Ccy="EUR">3500.00</RmtdAmt>								</RfrdDocAmt>								<CdtrRefInf>									<Tp>										<CdOrPrtry>											<Cd>SCOR</Cd>										</CdOrPrtry>										<Issr>ISO</Issr>									</Tp>									<!-- Creditor Reference in ISO 11649-->									<Ref>RF7812345 </Ref>								</CdtrRefInf>							</Strd>							<Strd>								<RfrdDocAmt>									<!--Credit note payment from the same payer as the (negative effect on Entry level amout)-->									<CdtNoteAmt Ccy="EUR">1000.00</CdtNoteAmt>								</RfrdDocAmt>								<CdtrRefInf>									<Tp>										<CdOrPrtry>											<Cd>SCOR</Cd>										</CdOrPrtry>										<Issr>ISO</Issr>									</Tp>									<Ref>RF0812344</Ref>								</CdtrRefInf>							</Strd>						</RmtInf>						<RltdDts>							<!--Finnish AOS1 as payment date (Debtor's debit date)-->							<AccptncDtTm>2009-10-28T09:00:00+02:00</AccptncDtTm>							<!-- AT-42.  There might be only small importance of Settlement date for the creditor but this is also optional to report -->							<IntrBkSttlmDt>2009-10-28</IntrBkSttlmDt>						</RltdDts>					</TxDtls>					<TxDtls>						<!-- Transaction 2-->						<Refs>							<AcctSvcrRef>D091029N123456789S002</AcctSvcrRef>							<EndToEndId>EndToEndIdAT-41-002</EndToEndId>						</Refs>						<AmtDtls>							<!-- AT-04 in a difrent element than suggested by EPC -->							<TxAmt>								<Amt Ccy="EUR">500.00</Amt>							</TxAmt>						</AmtDtls>						<RltdPties>							<Dbtr>								<Nm>AT-02 DEBTOR NAME 02</Nm>								<Id>									<OrgId>										<Othr>											<Id>AT-10ASEANG</Id>											<SchmeNm>												<Cd>EANG</Cd>											</SchmeNm>										</Othr>									</OrgId>								</Id>							</Dbtr>							<UltmtDbtr>								<Nm>AT-08 ULTIMATE DEBTOR NAME</Nm>								<Id>									<OrgId>										<Othr>											<Id>AT-09TXID</Id>											<SchmeNm>												<Cd>TXID</Cd>											</SchmeNm>										</Othr>									</OrgId>								</Id>							</UltmtDbtr>							<UltmtCdtr>								<Nm>AT-28 ULTIMATE CREDITOR NAME</Nm>								<Id>									<OrgId>										<Othr>											<Id>AT-29TXID</Id>											<SchmeNm>												<Cd>TXID</Cd>											</SchmeNm>										</Othr>									</OrgId>								</Id>							</UltmtCdtr>						</RltdPties>						<!-- just for sample AT-44 with void value-->						<Purp>							<Cd>CASH</Cd>						</Purp>						<RmtInf>							<Ustrd>RFB/557742358</Ustrd>						</RmtInf>						<RltdDts>							<AccptncDtTm>2009-10-29T09:00:00+02:00</AccptncDtTm>							<IntrBkSttlmDt>2009-10-28</IntrBkSttlmDt>						</RltdDts>					</TxDtls>				</NtryDtls>			</Ntry>			<Ntry>				<!-- Entry 4: as a copy from statement Transaction #3 if it would be there only lump sum booked -->				<Amt Ccy="EUR">4230.05</Amt>				<CdtDbtInd>DBIT</CdtDbtInd>				<Sts>BOOK</Sts>				<BookgDt>					<!--Booking date for all sub transactions in this entry -->					<Dt>2009-10-29</Dt>				</BookgDt>				<ValDt>					<!--Value date for all sub transactions in this entry -->					<Dt>2009-10-29</Dt>				</ValDt>				<AcctSvcrRef>091029ACCTSTMTARCH03</AcctSvcrRef>				<BkTxCd>					<Domn>						<Cd>PMNT</Cd>						<Fmly>							<Cd>ICDT</Cd>							<SubFmlyCd>DMCT</SubFmlyCd>						</Fmly>					</Domn>					<!-- Prtry used only in case of PMJ Payments-->					<Prtry>						<Cd>NTRF+702TransactionCodeText</Cd>					</Prtry>				</BkTxCd>				<NtryDtls>					<Btch>						<MsgId>MSGSCT0100</MsgId>						<PmtInfId>CustRefForPmtBatch9</PmtInfId>						<NbOfTxs>3</NbOfTxs>					</Btch>					<!-- Debit transaction details level depend on the source given by the originator in its payment material in different formats -->					<!-- Sufficient amount of references should be reported for reconciliation-->					<TxDtls>						<!-- Sub transaction no 1 of the batch /  with reference -->						<Refs>							<!-- The contents of Refs used depends on clearing system and / or availablle data on the instruction material -->							<AcctSvcrRef>091029ARCH03001</AcctSvcrRef>							<!-- Instruction Id to Indicate TITO_T11_06 id given from the initiator in specific LM-payment file field -->							<InstrId>TITOT1106ID01</InstrId>						</Refs>						<AmtDtls>							<TxAmt>								<Amt Ccy="EUR">2000.02</Amt>							</TxAmt>						</AmtDtls>						<RltdPties>							<Cdtr>								<Nm>Creditor Company</Nm>								<!-- unstructured address on LM based material -->								<PstlAdr>									<Ctry>FI</Ctry>									<AdrLine>Mannerheimintie 123</AdrLine>									<AdrLine>00100 Helsinki</AdrLine>								</PstlAdr>								<CtryOfRes>FI</CtryOfRes>							</Cdtr>							<!-- Creditor account in BBAN still in PMJ-transactions, banks don't convert internally into the reports creditor account on debtor reports -->							<CdtrAcct>								<Id>									<Othr>										<Id>29501800020582</Id>										<SchmeNm>											<Cd>BBAN</Cd>										</SchmeNm>									</Othr>								</Id>							</CdtrAcct>						</RltdPties>						<RmtInf>							<Strd>								<CdtrRefInf>									<Tp>										<CdOrPrtry>											<Cd>SCOR</Cd>										</CdOrPrtry>									</Tp>									<Ref>3900</Ref>								</CdtrRefInf>							</Strd>						</RmtInf>					</TxDtls>					<TxDtls>						<!-- Sub transaction no 2 of the batch /  with free text -->						<Refs>							<AcctSvcrRef>091029ARCH03002</AcctSvcrRef>							<InstrId>TITOT1106ID02</InstrId>						</Refs>						<AmtDtls>							<TxAmt>								<Amt Ccy="EUR">1000.01</Amt>							</TxAmt>						</AmtDtls>						<RltdPties>							<Cdtr>								<Nm>Creditor Company</Nm>								<PstlAdr>									<Ctry>FI</Ctry>									<AdrLine>Mannerheimintie 123</AdrLine>									<AdrLine>00100 Helsinki</AdrLine>								</PstlAdr>								<CtryOfRes>FI</CtryOfRes>							</Cdtr>							<CdtrAcct>								<Id>									<Othr>										<Id>29501800020582</Id>										<SchmeNm>											<Cd>BBAN</Cd>										</SchmeNm>									</Othr>								</Id>								<!-- Creditor Account Changed at Debtor bank for better routing according to Debtor and its bank agreement-->								<Tp>									<Prtry>ACWC</Prtry>								</Tp>							</CdtrAcct>						</RltdPties>						<RmtInf>							<Ustrd>Invoices 123 and 321</Ustrd>						</RmtInf>					</TxDtls>					<TxDtls>						<!-- Sub transaction no 3 of the batch /  with PMJ payment type code 2 (TITO T11-02) -->						<!-- One simple option is to write this type of remittance type into one Unstrcured instance-->						<Refs>							<AcctSvcrRef>091029ARCH03003</AcctSvcrRef>							<InstrId>TITOT1106ID03</InstrId>						</Refs>						<AmtDtls>							<TxAmt>								<Amt Ccy="EUR">1230.02</Amt>							</TxAmt>						</AmtDtls>						<RltdPties>							<Cdtr>								<Nm>Creditor Company</Nm>								<PstlAdr>									<Ctry>FI</Ctry>									<AdrLine>Mannerheimintie 123</AdrLine>									<AdrLine>00100 Helsinki</AdrLine>								</PstlAdr>								<CtryOfRes>FI</CtryOfRes>							</Cdtr>							<CdtrAcct>								<Id>									<Othr>										<Id>29501800020574</Id>										<SchmeNm>											<Cd>BBAN</Cd>										</SchmeNm>									</Othr>								</Id>							</CdtrAcct>						</RltdPties>						<RmtInf>							<Strd>								<RfrdDocInf>									<Tp>										<CdOrPrtry>											<Cd>CINV</Cd>										</CdOrPrtry>									</Tp>									<Nb>217827182718</Nb>								</RfrdDocInf>								<Invcee>									<Id>										<OrgId>											<Othr>												<Id>9102910</Id>											</Othr>										</OrgId>									</Id>								</Invcee>							</Strd>						</RmtInf>					</TxDtls>				</NtryDtls>			</Ntry>			<Ntry>				<!-- Entry 5: illustrates possibility to report suuccesful feed-back data for issued international payments (VLU2). Not yet on the statement, emulating situation sent during the day for the next -->				<!-- This sample is made as batch indicating total debit account currency debit for the collected and reported international payments that might be in different instructed currencies-->				<!-- Other option is to report each debited transaction separately -->				<!-- Removed  or rejected payments may be reported in camt.052 since camt.054 is only for booked transactions-->				<Amt Ccy="EUR">1000.00</Amt>				<CdtDbtInd>DBIT</CdtDbtInd>				<Sts>BOOK</Sts>				<!-- Reporting booked debits on -->				<BookgDt>					<Dt>2009-10-30</Dt>				</BookgDt>				<AcctSvcrRef>091029NTFCTNXBCT010101</AcctSvcrRef>				<BkTxCd>					<Domn>						<Cd>PMNT</Cd>						<Fmly>							<Cd>ICDT</Cd>							<SubFmlyCd>XBCT</SubFmlyCd>						</Fmly>					</Domn>				</BkTxCd>				<NtryDtls>					<!-- Indicating International payment initation batch (pain.001 or LUM2)-->					<Btch>						<MsgId>BANKFILEID998787</MsgId>						<PmtInfId>BTCHIDXCBT19210219</PmtInfId>						<NbOfTxs>2</NbOfTxs>						<CdtDbtInd>DBIT</CdtDbtInd>					</Btch>					<TxDtls>						<Refs>							<InstrId>ISSRBKREF12345678</InstrId>							<EndToEndId>ISSRBKREF12345678</EndToEndId>						</Refs>						<AmtDtls>							<InstdAmt>								<Amt Ccy="USD">750.00</Amt>								<CcyXchg>									<SrcCcy>USD</SrcCcy>									<TrgtCcy>EUR</TrgtCcy>									<UnitCcy>EUR</UnitCcy>									<XchgRate>0.666667</XchgRate>									<CtrctId>FX1234599</CtrctId>									<QtnDt>2009-10-30T13:00:00+02:00</QtnDt>								</CcyXchg>							</InstdAmt>							<TxAmt>								<Amt Ccy="EUR">500.00</Amt>							</TxAmt>							<!-- Amount as CounterValue, usually used only for other than EUR-accounts to support EUR-based book keeping of the end-customers-->							<CntrValAmt>								<Amt Ccy="EUR">500.00</Amt>								<CcyXchg>									<SrcCcy>USD</SrcCcy>									<TrgtCcy>EUR</TrgtCcy>									<UnitCcy>USD</UnitCcy>									<XchgRate>1.5</XchgRate>									<CtrctId>FX1234599</CtrctId>									<QtnDt>2009-10-30T13:00:00+02:00</QtnDt>								</CcyXchg>							</CntrValAmt>						</AmtDtls>						<Chrgs>							<Amt Ccy="EUR">20.00</Amt>							<Tp>								<Cd>COMM</Cd>							</Tp>						</Chrgs>						<RltdPties>							<Dbtr>								<Nm>DEBTOR NAME</Nm>							</Dbtr>							<UltmtDbtr>								<Nm>ULTIMATE DEBTOR NAME</Nm>								<Id>									<OrgId>										<Othr>											<Id>123456789</Id>											<SchmeNm>												<Cd>DUNS</Cd>											</SchmeNm>										</Othr>									</OrgId>								</Id>							</UltmtDbtr>							<Cdtr>								<Nm>CREDITOR</Nm>								<PstlAdr>									<StrtNm>STATE STREET</StrtNm>									<BldgNb>12</BldgNb>									<PstCd>921092</PstCd>									<TwnNm>NEW YORK</TwnNm>									<Ctry>US</Ctry>								</PstlAdr>							</Cdtr>							<CdtrAcct>								<Id>									<Othr>										<Id>123456789</Id>										<SchmeNm>											<Cd>BBAN</Cd>										</SchmeNm>									</Othr>								</Id>								<!-- Creditor Account Changed at Debtor bank for better routing according to Debtor and its bank agreement-->								<Tp>									<Prtry>ACWC</Prtry>								</Tp>							</CdtrAcct>						</RltdPties>						<!-- With related Agents the possible Intermediate agent can be reported.  There is no meqan of making indication of possible adfdition or change made by debtor bank (Free text at AddtlTxInf)-->						<RltdAgts>							<CdtrAgt>								<FinInstnId>									<BIC>BOFAUS6H</BIC>								</FinInstnId>							</CdtrAgt>						</RltdAgts>						<RmtInf>							<Ustrd>INVOICE US20291092</Ustrd>						</RmtInf>						<AddtlTxInf>THIS AREA IS FOR BANK MESSAGE TO DEBTOR FOR REPORTING CHANGES MADE TO THE PAYMENT</AddtlTxInf>					</TxDtls>					<TxDtls>						<Refs>							<InstrId>ISSRBKREF12345679</InstrId>							<EndToEndId>ISSRBKREF12345679</EndToEndId>						</Refs>						<AmtDtls>							<InstdAmt>								<Amt Ccy="JPY">79255.00</Amt>								<CcyXchg>									<SrcCcy>JPY</SrcCcy>									<TrgtCcy>EUR</TrgtCcy>									<UnitCcy>EUR</UnitCcy>									<XchgRate>0.00630875</XchgRate>									<QtnDt>2009-10-30T13:00:00+02:00</QtnDt>								</CcyXchg>							</InstdAmt>							<TxAmt>								<Amt Ccy="EUR">500.00</Amt>							</TxAmt>							<!-- Amount as CounterValue, usually used only for other than EUR-accounts to support EUR-based book keeping of the end-customers-->							<CntrValAmt>								<Amt Ccy="EUR">500.00</Amt>								<CcyXchg>									<SrcCcy>JPY</SrcCcy>									<TrgtCcy>EUR</TrgtCcy>									<UnitCcy>JPY</UnitCcy>									<XchgRate>158.51</XchgRate>									<QtnDt>2009-10-30T13:00:00+02:00</QtnDt>								</CcyXchg>							</CntrValAmt>						</AmtDtls>						<Chrgs>							<Amt Ccy="EUR">20.00</Amt>							<Tp>								<Cd>COMM</Cd>							</Tp>						</Chrgs>						<RltdPties>							<Dbtr>								<Nm>DEBTOR NAME</Nm>							</Dbtr>							<UltmtDbtr>								<Nm>ULTIMATE DEBTOR NAME</Nm>								<Id>									<OrgId>										<Othr>											<Id>123456789</Id>											<SchmeNm>												<Cd>DUNS</Cd>											</SchmeNm>										</Othr>									</OrgId>								</Id>							</UltmtDbtr>							<Cdtr>								<Nm>CREDITOR</Nm>								<PstlAdr>									<StrtNm>STATE STREET</StrtNm>									<BldgNb>12</BldgNb>									<PstCd>921092</PstCd>									<TwnNm>NEW YORK</TwnNm>									<Ctry>US</Ctry>								</PstlAdr>							</Cdtr>							<CdtrAcct>								<Id>									<Othr>										<Id>123456789</Id>										<SchmeNm>											<Cd>BBAN</Cd>										</SchmeNm>									</Othr>								</Id>							</CdtrAcct>						</RltdPties>						<!-- With related Agents the possible Intermediate agent can be reported.  There is no meqan of making indication of possible adfdition or change made by debtor bank (Free text at AddtlTxInf)-->						<RltdAgts>							<CdtrAgt>								<FinInstnId>									<ClrSysMmbId>										<ClrSysId>											<Cd>JPGZN</Cd>										</ClrSysId>										<MmbId>1234567</MmbId>									</ClrSysMmbId>								</FinInstnId>							</CdtrAgt>						</RltdAgts>						<RmtInf>							<Ustrd>INVOICE JP1920190</Ustrd>						</RmtInf>					</TxDtls>				</NtryDtls>			</Ntry>			<Ntry>				<!-- Entry 6: Domestic incoming direct debit errors.  Using Status "INFO" although not recommended to use in camt.054 -->				<Amt Ccy="EUR">100.00</Amt>				<!--Reversal Credit to indicate unsuccesfull crediting-->				<CdtDbtInd>CRDT</CdtDbtInd>				<RvslInd>true</RvslInd>				<!--INFO and in this case ERROR and not BOOKED and therefore now trace on account statement of these transactions-->				<Sts>INFO</Sts>				<BookgDt>					<!--Supposed Booking date for all sub transactions in this entry -->					<Dt>2009-10-29</Dt>				</BookgDt>				<AcctSvcrRef>091029ACCTSTMTERR01</AcctSvcrRef>				<BkTxCd>					<Domn>						<Cd>PMNT</Cd>						<Fmly>							<Cd>RDDT</Cd>							<SubFmlyCd>PMDD</SubFmlyCd>						</Fmly>					</Domn>					<Prtry>						<Cd>NTRF+705TransactionCodeText</Cd>					</Prtry>				</BkTxCd>				<NtryDtls>					<Btch>						<!-- using same batch credentials as the Entry 2 with succesfull transactions -->						<MsgId>BANKFILEID998799</MsgId>					</Btch>					<TxDtls>						<!-- Error 1-->						<Refs>							<AcctSvcrRef>D091029N987654321S288</AcctSvcrRef>						</Refs>						<AmtDtls>							<TxAmt>								<Amt Ccy="EUR">40.00</Amt>							</TxAmt>						</AmtDtls>						<RltdPties>							<Dbtr>								<Nm>PAYERS NAME3</Nm>							</Dbtr>						</RltdPties>						<RmtInf>							<Strd>								<RfrdDocAmt>									<RmtdAmt Ccy="EUR">40.00</RmtdAmt>								</RfrdDocAmt>								<CdtrRefInf>									<Tp>										<CdOrPrtry>											<Cd>SCOR</Cd>										</CdOrPrtry>									</Tp>									<Ref>2345678917</Ref>								</CdtrRefInf>							</Strd>						</RmtInf>						<!-- Reason for return/error -->						<RtrInf>							<Rsn>								<Cd>AC01</Cd>							</Rsn>							<AddtlInf>1+TILIÄ EI LÖYDY</AddtlInf>						</RtrInf>					</TxDtls>					<TxDtls>						<!-- Error 2-->						<Refs>							<AcctSvcrRef>D091029N987654321S289</AcctSvcrRef>						</Refs>						<AmtDtls>							<TxAmt>								<Amt Ccy="EUR">60.00</Amt>							</TxAmt>						</AmtDtls>						<RltdPties>							<Dbtr>								<Nm>PAYERS NAME4</Nm>							</Dbtr>						</RltdPties>						<RmtInf>							<Strd>								<RfrdDocAmt>									<RmtdAmt Ccy="EUR">60.00</RmtdAmt>								</RfrdDocAmt>								<CdtrRefInf>									<Tp>										<CdOrPrtry>											<Cd>SCOR</Cd>										</CdOrPrtry>									</Tp>									<Ref>1234567897</Ref>								</CdtrRefInf>							</Strd>						</RmtInf>						<!-- Reason for return/error -->						<RtrInf>							<Rsn>								<Cd>CUST</Cd>							</Rsn>							<AddtlInf>4+MAKSAJA PERUUTTANUT</AddtlInf>						</RtrInf>					</TxDtls>				</NtryDtls>			</Ntry>		</Ntfctn>	</BkToCstmrDbtCdtNtfctn></Document>