<?xml version="1.0" encoding="utf-8"?>
<Document xmlns="urn:iso:std:iso:20022:tech:xsd:pain.001.001.03" xmlns:xsi="http://www.w3.org/2001/XMLSchema-instance">
  <CstmrCdtTrfInitn>
    <GrpHdr>
      <MsgId>MSGID0002</MsgId>
      <CreDtTm>2015-09-28T10:00:00</CreDtTm>
      <NbOfTxs>1</NbOfTxs>
      <CtrlSum>111.11</CtrlSum>
      <InitgPty>
        <Nm>IMONE X</Nm>
      </InitgPty>
    </GrpHdr>
    <PmtInf>
      <PmtInfId>201509280002</PmtInfId>
      <PmtMtd>TRF</PmtMtd>
      <NbOfTxs>1</NbOfTxs>
      <CtrlSum>111.11</CtrlSum>
      <PmtTpInf>
        <SvcLvl>
          <Cd>NURG</Cd>
        </SvcLvl>
      </PmtTpInf>
      <ReqdExctnDt>2015-09-28</ReqdExctnDt>
      <Dbtr>
        <Nm>IMONE X</Nm>
      </Dbtr>
      <DbtrAcct>
        <Id>
          <IBAN>LT007180000000000000</IBAN>
        </Id>
        <Ccy>USD</Ccy>
      </DbtrAcct>
      <DbtrAgt>
        <FinInstnId>
          <BIC>CBSBLT26XXX</BIC>
        </FinInstnId>
      </DbtrAgt>
      <ChrgBr>SHAR</ChrgBr>
      <CdtTrfTxInf>
        <PmtId>
          <EndToEndId>EndToEndId0002</EndToEndId>
        </PmtId>
        <Amt>
          <InstdAmt Ccy="USD">111.11</InstdAmt>
        </Amt>
        <CdtrAgt>
          <FinInstnId>
            <BIC>BKTRUS33</BIC>
            <Nm>DEUTSCHE BANK TRUST COMPANY AMERICAS</Nm>
          </FinInstnId>
        </CdtrAgt>
        <Cdtr>
          <Nm>COMPANY Z</Nm>
          <PstlAdr>
            <AdrLine>Company address</AdrLine>
          </PstlAdr>
        </Cdtr>
        <CdtrAcct>
          <Id>
            <Othr>
              <Id>1234567890</Id>
            </Othr>
          </Id>
        </CdtrAcct>
        <RmtInf>
          <Ustrd>Payment details</Ustrd>
        </RmtInf>
      </CdtTrfTxInf>
    </PmtInf>
  </CstmrCdtTrfInitn>
</Document>