<?xml version="1.0" encoding="UTF-8"?>
<Document xmlns:xsi="http://www.w3.org/2001/XMLSchema-instance" xmlns="http://www.six-interbank-clearing.com/de/pain.001.001.03.ch.02.xsd" xsi:schemaLocation="http://www.six-interbank-clearing.com/de/pain.001.001.03.ch.02.xsd file:///C:/Users/muehlemattem/Desktop/XSD%20und%20ISO%20Musterfiles/pain.001.001.03.ch.02.xsd">
	<CstmrCdtTrfInitn>
		<GrpHdr>
			<MsgId>MsgId-001</MsgId>
			<CreDtTm>2020-06-24T14:42:44</CreDtTm>
			<NbOfTxs>7</NbOfTxs>
			<CtrlSum>38.00</CtrlSum>
			<InitgPty>
				<Nm>Robert Schneider</Nm>
				<CtctDtls>
					<Nm>PostFinance</Nm>
					<Othr>Version 2.4</Othr>
				</CtctDtls>
			</InitgPty>
		</GrpHdr>
		<PmtInf>
			<PmtInfId>PmtInfId-01</PmtInfId>
			<PmtMtd>TRF</PmtMtd>
			<BtchBookg>true</BtchBookg>
			<ReqdExctnDt>2020-07-28</ReqdExctnDt>
			<Dbtr>
				<Nm>Robert Schneider</Nm>
			</Dbtr>
			<DbtrAcct>
				<Id>
					<IBAN>CH0309000000250090342</IBAN>
				</Id>
				<Tp>
					<Prtry>CND</Prtry>
				</Tp>
			</DbtrAcct>
			<DbtrAgt>
				<FinInstnId>
					<BIC>POFICHBEXXX</BIC>
				</FinInstnId>
			</DbtrAgt>
			<CdtTrfTxInf>
				<PmtId>
					<InstrId>InstrId-01-01</InstrId>
					<EndToEndId>EndToEndId-01-01</EndToEndId>
				</PmtId>
				<Amt>
					<InstdAmt Ccy="CHF">6.20</InstdAmt>
				</Amt>
				<Cdtr>
					<Nm>Maria Bernasconi</Nm>
					<PstlAdr>
						<StrtNm>Musterstrasse</StrtNm>
						<BldgNb>15</BldgNb>
						<PstCd>2500</PstCd>
						<TwnNm>Biel</TwnNm>
					</PstlAdr>
				</Cdtr>
				<CdtrAcct>
					<Id>
						<IBAN>CH5109000000250092291</IBAN>
					</Id>
				</CdtrAcct>
				<RmtInf>
					<Ustrd>Rechnung 1122</Ustrd>
				</RmtInf>
			</CdtTrfTxInf>
		</PmtInf>
		<PmtInf>
			<PmtInfId>PmtInfId-02</PmtInfId>
			<PmtMtd>TRF</PmtMtd>
			<BtchBookg>true</BtchBookg>
			<ReqdExctnDt>2020-07-22</ReqdExctnDt>
			<Dbtr>
				<Nm>Robert Schneider</Nm>
			</Dbtr>
			<DbtrAcct>
				<Id>
					<IBAN>CH0309000000250090342</IBAN>
				</Id>
				<Tp>
					<Prtry>CWD</Prtry>
				</Tp>
			</DbtrAcct>
			<DbtrAgt>
				<FinInstnId>
					<BIC>POFICHBEXXX</BIC>
				</FinInstnId>
			</DbtrAgt>
			<CdtTrfTxInf>
				<PmtId>
					<InstrId>InstrId-02-01</InstrId>
					<EndToEndId>EndToEndId-02-01</EndToEndId>
				</PmtId>
				<PmtTpInf>
					<LclInstrm>
						<Prtry>CH01</Prtry>
					</LclInstrm>
				</PmtTpInf>
				<Amt>
					<InstdAmt Ccy="CHF">1.80</InstdAmt>
				</Amt>
				<Cdtr>
					<Nm>Robert Schneider SA</Nm>
				</Cdtr>
				<CdtrAcct>
					<Id>
						<Othr>
							<Id>014295803</Id>
						</Othr>
					</Id>
				</CdtrAcct>
				<RmtInf>
					<Strd>
						<CdtrRefInf>
							<Ref>120000000000234478943216899</Ref>
						</CdtrRefInf>
					</Strd>
				</RmtInf>
			</CdtTrfTxInf>
			<CdtTrfTxInf>
				<PmtId>
					<InstrId>InstrId-02-02</InstrId>
					<EndToEndId>EndToEndId-02-02</EndToEndId>
				</PmtId>
				<Amt>
					<InstdAmt Ccy="CHF">12.00</InstdAmt>
				</Amt>
				<Cdtr>
					<Nm>Robert Schneider</Nm>
					<PstlAdr>
						<StrtNm>Hauptstrasse</StrtNm>
						<BldgNb>12</BldgNb>
						<PstCd>2500</PstCd>
						<TwnNm>Biel/Bienne</TwnNm>
					</PstlAdr>
				</Cdtr>
				<CdtrAcct>
					<Id>
						<IBAN>CH2909000000250094239</IBAN>
					</Id>
				</CdtrAcct>
				<RmtInf>
					<Ustrd>Rechnung 20200615636.365</Ustrd>
				</RmtInf>
			</CdtTrfTxInf>
		</PmtInf>
		<PmtInf>
			<PmtInfId>PmtInfId-03</PmtInfId>
			<PmtMtd>TRF</PmtMtd>
			<BtchBookg>true</BtchBookg>
			<PmtTpInf>
				<CtgyPurp>
					<Cd>SALA</Cd>
				</CtgyPurp>
			</PmtTpInf>
			<ReqdExctnDt>2020-07-24</ReqdExctnDt>
			<Dbtr>
				<Nm>Robert Schneider</Nm>
			</Dbtr>
			<DbtrAcct>
				<Id>
					<IBAN>CH0309000000250090342</IBAN>
				</Id>
				<Tp>
					<Prtry>CND</Prtry>
				</Tp>
			</DbtrAcct>
			<DbtrAgt>
				<FinInstnId>
					<BIC>POFICHBEXXX</BIC>
				</FinInstnId>
			</DbtrAgt>
			<CdtTrfTxInf>
				<PmtId>
					<InstrId>InstrId-03-01</InstrId>
					<EndToEndId>EndToEndId-03-01</EndToEndId>
				</PmtId>
				<Amt>
					<InstdAmt Ccy="CHF">5.00</InstdAmt>
				</Amt>
				<Cdtr>
					<Nm>Maria Bernasconi</Nm>
					<PstlAdr>
						<StrtNm>Musterstrasse</StrtNm>
						<BldgNb>15</BldgNb>
						<PstCd>2500</PstCd>
						<TwnNm>Biel</TwnNm>
						<Ctry>CH</Ctry>
					</PstlAdr>
				</Cdtr>
				<CdtrAcct>
					<Id>
						<IBAN>CH5109000000250092291</IBAN>
					</Id>
				</CdtrAcct>
				<RmtInf>
					<Ustrd>Salaire Juli</Ustrd>
				</RmtInf>
			</CdtTrfTxInf>
			<CdtTrfTxInf>
				<PmtId>
					<InstrId>InstrId-03-02</InstrId>
					<EndToEndId>EndToEndId-03-02</EndToEndId>
				</PmtId>
				<Amt>
					<InstdAmt Ccy="CHF">2.00</InstdAmt>
				</Amt>
				<Cdtr>
					<Nm>Maria Bernasconi</Nm>
					<PstlAdr>
						<StrtNm>Hauptstrasse</StrtNm>
						<BldgNb>12</BldgNb>
						<PstCd>2500</PstCd>
						<TwnNm>Biel/Bienne</TwnNm>
					</PstlAdr>
				</Cdtr>
				<CdtrAcct>
					<Id>
						<IBAN>CH010023512312312365L</IBAN>
					</Id>
				</CdtrAcct>
				<RmtInf>
					<Ustrd>Mitteilung Lohn</Ustrd>
				</RmtInf>
			</CdtTrfTxInf>
		</PmtInf>
		<PmtInf>
			<PmtInfId>PmtInfId-04</PmtInfId>
			<PmtMtd>TRA</PmtMtd>
			<BtchBookg>true</BtchBookg>
			<ReqdExctnDt>2020-07-05</ReqdExctnDt>
			<Dbtr>
				<Nm>Robert Schneider SA</Nm>
			</Dbtr>
			<DbtrAcct>
				<Id>
					<IBAN>CH0309000000250090342</IBAN>
				</Id>
			</DbtrAcct>
			<DbtrAgt>
				<FinInstnId>
					<BIC>POFICHBEXXX</BIC>
				</FinInstnId>
			</DbtrAgt>
			<CdtTrfTxInf>
				<PmtId>
					<InstrId>InstrId-04-01</InstrId>
					<EndToEndId>EndToEndId-04-01</EndToEndId>
				</PmtId>
				<Amt>
					<EqvtAmt>
						<Amt Ccy="CHF">1</Amt>
						<CcyOfTrf>EUR</CcyOfTrf>
					</EqvtAmt>
				</Amt>
				<ChrgBr>SLEV</ChrgBr>
				<CdtrAgt>
					<FinInstnId>
						<BIC>AABBCCDDXXX</BIC>
					</FinInstnId>
				</CdtrAgt>
				<Cdtr>
					<Nm>Maria Bernasconi</Nm>
					<PstlAdr>
						<Ctry>IT</Ctry>
						<AdrLine>Via 10</AdrLine>
						<AdrLine>Florenz</AdrLine>
					</PstlAdr>
				</Cdtr>
				<CdtrAcct>
					<Id>
						<IBAN>IT1122334455667788991122334</IBAN>
					</Id>
				</CdtrAcct>
				<RmtInf>
					<Ustrd>Mitteilung</Ustrd>
				</RmtInf>
			</CdtTrfTxInf>
		</PmtInf>
		<PmtInf>
			<PmtInfId>PmtInfId-05</PmtInfId>
			<PmtMtd>TRF</PmtMtd>
			<BtchBookg>true</BtchBookg>
			<ReqdExctnDt>2020-06-17</ReqdExctnDt>
			<Dbtr>
				<Nm>Maria Bernasconi</Nm>
			</Dbtr>
			<DbtrAcct>
				<Id>
					<IBAN>CH5109000000250092291</IBAN>
				</Id>
			</DbtrAcct>
			<DbtrAgt>
				<FinInstnId>
					<BIC>POFICHBEXXX</BIC>
				</FinInstnId>
			</DbtrAgt>
			<CdtTrfTxInf>
				<PmtId>
					<InstrId>InstrId-05-01</InstrId>
					<EndToEndId>EEndToEndId-05-01</EndToEndId>
				</PmtId>
				<Amt>
					<InstdAmt Ccy="CHF">4</InstdAmt>
				</Amt>
				<Cdtr>
					<Nm>Robert Schneider SA</Nm>
				</Cdtr>
				<CdtrAcct>
					<Id>
						<IBAN>CH7730000001250094239</IBAN>
					</Id>
				</CdtrAcct>
				<RmtInf>
					<Strd>
						<CdtrRefInf>
							<Tp>
								<CdOrPrtry>
									<Prtry>QRR</Prtry>
								</CdOrPrtry>
							</Tp>
							<Ref>976471818744726494745968140</Ref>
						</CdtrRefInf>
					</Strd>
				</RmtInf>
			</CdtTrfTxInf>
			<CdtTrfTxInf>
				<PmtId>
					<InstrId>InstrId-06-01</InstrId>
					<EndToEndId>EEndToEndId-06-01</EndToEndId>
				</PmtId>
				<Amt>
					<InstdAmt Ccy="CHF">6</InstdAmt>
				</Amt>
				<Cdtr>
					<Nm>Maria Bernasconi</Nm>
				</Cdtr>
				<CdtrAcct>
					<Id>
						<IBAN>CH5109000000250092291</IBAN>
					</Id>
				</CdtrAcct>
				<RmtInf>
					<Strd>
						<CdtrRefInf>
							<Tp>
								<CdOrPrtry>
									<Cd>SCOR</Cd>
								</CdOrPrtry>
							</Tp>
							<Ref>RF18539007547034</Ref>
						</CdtrRefInf>
					</Strd>
				</RmtInf>
			</CdtTrfTxInf>
		</PmtInf>
	</CstmrCdtTrfInitn>
</Document>
