<?xml version="1.0" encoding="utf-8"?>
<Document xmlns="urn:iso:std:iso:20022:tech:xsd:pain.001.001.03" xmlns:xsi="http://www.w3.org/2001/XMLSchema-instance">
  <CstmrCdtTrfInitn>
    <GrpHdr>
      <MsgId>MSGID0001</MsgId>
      <CreDtTm>2017-08-23T10:00:00</CreDtTm>
      <NbOfTxs>1</NbOfTxs>
      <CtrlSum>99.99</CtrlSum>
      <InitgPty>
        <Nm>IMONE X</Nm>
        <Id>
          <OrgId>
            <Othr>
              <Id>123456789</Id>
              <SchmeNm>
                <Cd>COID</Cd>
              </SchmeNm>
            </Othr>
          </OrgId>
        </Id>
      </InitgPty>
    </GrpHdr>
    <PmtInf>
      <PmtInfId>201708230001</PmtInfId>
      <PmtMtd>TRF</PmtMtd>
	  <NbOfTxs>1</NbOfTxs>
	  <CtrlSum>99.99</CtrlSum>
      <PmtTpInf>
        <SvcLvl>
          <Cd>SEPA</Cd>
        </SvcLvl>
      </PmtTpInf>
      <ReqdExctnDt>2017-08-23</ReqdExctnDt>
      <Dbtr>
        <Nm>IMONE X</Nm>
        <Id>
          <OrgId>
            <Othr>
              <Id>123456789</Id>
              <SchmeNm>
                <Cd>COID</Cd>
              </SchmeNm>
            </Othr>
          </OrgId>
        </Id>
      </Dbtr>
      <DbtrAcct>
        <Id>
          <IBAN>LT007180000000000000</IBAN>
        </Id>
        <Ccy>EUR</Ccy>
      </DbtrAcct>
      <DbtrAgt>
        <FinInstnId>
          <BIC>CBSBLT26</BIC>
        </FinInstnId>
      </DbtrAgt>
      <ChrgBr>SLEV</ChrgBr>
      <CdtTrfTxInf>
        <PmtId>
          <InstrId>InstrId00001</InstrId>
          <EndToEndId>EndToEndId0001</EndToEndId>
        </PmtId>
        <Amt>
          <InstdAmt Ccy="EUR">99.99</InstdAmt>
        </Amt>
        <CdtrAgt>
          <FinInstnId>
            <BIC>SMPOLT22</BIC>
          </FinInstnId>
        </CdtrAgt>
        <Cdtr>
          <Nm>IMONE Z</Nm>
          <PstlAdr>
            <Ctry>LT</Ctry>
            <AdrLine>Adresas 123</AdrLine>
            <AdrLine>Vilnius</AdrLine>
          </PstlAdr>
          <Id>
            <OrgId>
              <Othr>
                <Id>123456789</Id>
                <SchmeNm>
                  <Cd>COID</Cd>
                </SchmeNm>
              </Othr>
            </OrgId>
          </Id>
        </Cdtr>
        <CdtrAcct>
          <Id>
            <IBAN>LT007400000000000000</IBAN>
          </Id>
        </CdtrAcct>
        <RmtInf>
          <Ustrd>Apmokama saskaita-faktura Nr. 1</Ustrd>
        </RmtInf>
      </CdtTrfTxInf>
    </PmtInf>
  </CstmrCdtTrfInitn>
</Document>